@manual{houbolt_pdr,
  title={Spaceport Toronto X Vienna Phase 1 Report},
  author={UTAT and TUST},
  year={2019},
}
@online{rueckschlagventile-shop,
      note   = "\url{https://www.rueckschlagventil-shop.at/einschraubventil-edelstahl-ag-g14-ag-g14-250-bar-dn-6mm.html}",
      year   = "2020 (accessed January 20, 2020)"
    }
@online{pressure_sensor,
      note   = "\url{https://static6.arrow.com/aropdfconversion/29d6933ff79ca0ca1151969687ddb35e8c20287d/9cc83022-d05c-4913-971e-01107a9fe425.pdf}",
      year   = "2020 (accessed March 20, 2020)"
    }    
@online{coolprop_python,
      title  = {CoolProp},
      note   = "\url{http://www.coolprop.org/coolprop/HighLevelAPI.html}",
      year   = "2020 (accessed January 24, 2020)"
    }
@online{flow_calculator,
      note   = "\url{https://www.buschjostventile.de/kv-wert-rechner}",
      year   = "2020 (accessed January 24, 2020)"
    }
@online{relief_valve,
      note   = "\url{https://www.landefeld.com}",
      year   = "2020 (accessed March 3th, 2020)"
    }
@book{huzel,
    title = {Design of Liquid Propellant Rocket Engines},
    author = {Dieter K. Huzel and David H. Huang},
    year = {1967},
    publisher = {National Aeronautics and Space Administration},
    }
@book{vdi_waermeatlas,
    title = {VDI-Wärmeatlas},
    author = {VDI e.V.},
    year = {2013},
    publisher = {Springer},
    }
@report{ablative_material_testing,
    title = {Ablative Material Testing for Low-Pressure, Low-Cost Rocket Engines},
    author = {G. Paul Richter and Timothy D. Smith},
    year = {1995},
    publisher = {National Aeronautics and Space Administration},
    }
@report{n2o_injector_measurements,
    title = {Mass Flow Rate and Isolation Characteristics of Injectors for Use with Self-Pressurizing Oxidizers in Hybrid Rockets},
    author = {Benjamin S. Waxman and Jonah E. Zimmerman and Brian J. Cantwell and Gregory G. Zilliac},
    year = {2013},
    publisher = {NASA Ames Research Center},
    note   = "\url{https://web.stanford.edu/~cantwell/Recent_publications/Waxman_et_al_AIAA_2013-3636.pdf}",
    }
@report{fabrication_of_ablative_chamber,
    title = {Fabrication of Composite Combustion Chamber/Nozzle For Fastrac Engine},
    author = {T. Lawrence},
    year = {2001},
    publisher = {National Aeronautics and Space Administration},
    }
@book{internal_combustion_processes,
    title = {Internal Combustion Processes of Liquid Rocket Engines},
    subtitle = {Modeling and Numerical Simulations},
    author = {Zhen-Guo Wang},
    year = {2016},
    publisher = {John Wiley \& Sons Singapore Pte Ltd},
    }
@report{nosecone_drag,
    title = {Investigation on the aerodynamic characteristics of a rocket-target for the system “Stinger”},
    author = {A. Fedaravičius and S. Kilikevičius and A. Survila},
    year = {2015},
    publisher = {Journal of Vibroengineering},
    }
@online{sandvik,
    title = "Tubes",
    note = "\url{https://www.materials.sandvik/de/material-center/datenblatter/rohre-nahtlos/sandvik-253-ma/}",
    year = "2020 (accessed March 4th, 2020)",
}
@online{wiki_ethanol,
    title = "Ethanol data",
    note = "\url{https://en.wikipedia.org/wiki/Ethanol_(data_page)}",
    year = "2020 (accessed March 4th, 2020)",
}
@online{springs,
    title = "Druckfedern aus Edelstahl",
    note = "\url{https://www.sodemann-federn.de/produkte/druckfedern/serie-a-b-edelstahl}",
    year = "(accessed March 14, 2020)",
}

@online{railbuttons,
    title = "Rail Buttons klein 2 Stück",
    note = "\url{https://www.raketenmodellbau-klima.de/Raketenmodellbau/Zubehoer/Ersatz-Bauteile/Leitroehrchen-Railbuttons/Rail-Buttons-klein-2-Stueck.htm}",
    year = "(accessed March 18, 2020)",
}

@online{nitrousOxideTransfer,
    title = "Nitrous Oxide Transfer",
    note = "\url{https://www.youtube.com/watch?v=EcyKjhkvvU8}",
    year = "(accessed March 19, 2020)"
}

@online{orleg,
    title = "ORLEG - OpenRocket Liquid Engine Generator",
    note = "\url{https://github.com/SpaceTeam/TXV_ORLEG}"
}

@online{CEA,
    title = "Nasa CEA",
    note = "\url{https://www.grc.nasa.gov/WWW/CEAWeb/}",
    year = "(accessed March 19, 2020)"
}

@online{RocketCEA,
    title = "RocketCEA",
    note = "\url{https://github.com/sonofeft/RocketCEA}",
    year = "(accessed March 19, 2020)"
}

@online{servo,
    title = "SB-2290SG Servo",
    note = "\url{https://www.savox-servo.com/Servos/Brushless-Motor/Savox-Servo-SB-2290SG-Digital-High-Voltage-Brushless-Motor-Steel-Gear/}",
    year = "(accessed March 19, 2020)"
}

@book{schuermann,
    title = {Konstruieren mit Faser-Kunststoff-Verbunden},
    author = {Helmut Schürmann},
    year = {2007},
    publisher = {Springer},
    }
    
@online{finProduction,
    title = "Space Team Fincan Production",
    note = "\url{https://spaceteam.at/rockets/str/str-03-black-bird/moulding-a-fincan/?lang=en}",
    year = "(accessed March 22, 2020)"
}

@online{checkvalve,
    title = "TVR400 check valves",
    note = "\url{https://www.weh.com/weh-tvr400-screw-in-valve}",
    year = "(accessed March 22, 2020)"
}

@online{openrocket,
    title = "OpenRocket Simulator",
    note = "\url{http://openrocket.info/}",
    year = "(accessed March 22, 2020)"
}
@manual{wiki_orifice_plate,
    note = "\url{https://en.wikipedia.org/wiki/Orifice_plate}",
    year = "2020 (accessed March 21st, 2020)",
}

